[gd_resource type="JigsawParameterOrderedList" load_steps=16 format=3 uid="uid://dohxthfgqi53b"]

[sub_resource type="JigsawParameterCard" id="JigsawParameterCard_rdt6w"]
card = 35

[sub_resource type="JigsawParameterCard" id="JigsawParameterCard_vux6b"]
card = 3

[sub_resource type="JigsawParameterCard" id="JigsawParameterCard_neirf"]
card = 15

[sub_resource type="JigsawParameterCard" id="JigsawParameterCard_tlvnf"]
card = 9

[sub_resource type="JigsawParameterCard" id="JigsawParameterCard_622nq"]
card = 9

[sub_resource type="JigsawParameterCard" id="JigsawParameterCard_klb5b"]
card = 9

[sub_resource type="JigsawParameterCard" id="JigsawParameterCard_fpdv7"]
card = 9

[sub_resource type="JigsawParameterCard" id="JigsawParameterCard_dwojn"]
card = 9

[sub_resource type="JigsawParameterCard" id="JigsawParameterCard_c12nf"]
card = 16

[sub_resource type="JigsawParameterCard" id="JigsawParameterCard_3my8s"]
card = 79

[sub_resource type="JigsawParameterCard" id="JigsawParameterCard_y7w86"]
card = 16

[sub_resource type="JigsawParameterCard" id="JigsawParameterCard_14xld"]
card = 16

[sub_resource type="JigsawParameterCard" id="JigsawParameterCard_ipdbe"]
card = 16

[sub_resource type="JigsawParameterCard" id="JigsawParameterCard_sp2am"]
card = 9

[sub_resource type="JigsawParameterCard" id="JigsawParameterCard_rbncp"]
card = 30

[resource]
list = Array[JigsawParameter]([SubResource("JigsawParameterCard_rdt6w"), SubResource("JigsawParameterCard_vux6b"), SubResource("JigsawParameterCard_neirf"), SubResource("JigsawParameterCard_tlvnf"), SubResource("JigsawParameterCard_622nq"), SubResource("JigsawParameterCard_klb5b"), SubResource("JigsawParameterCard_fpdv7"), SubResource("JigsawParameterCard_dwojn"), SubResource("JigsawParameterCard_c12nf"), SubResource("JigsawParameterCard_3my8s"), SubResource("JigsawParameterCard_y7w86"), SubResource("JigsawParameterCard_14xld"), SubResource("JigsawParameterCard_ipdbe"), SubResource("JigsawParameterCard_sp2am"), SubResource("JigsawParameterCard_rbncp")])
