[gd_resource type="CardDef" load_steps=18 format=3 uid="uid://ch8wn26x20hx6"]

[sub_resource type="StatValue" id="StatValue_s05mt"]
stat = 3
amount = 3

[sub_resource type="JigsawParameterStat" id="JigsawParameterStat_nrvup"]
stat = 0

[sub_resource type="JigsawParameterAmount" id="JigsawParameterAmount_4ckar"]
amount = 2

[sub_resource type="EffectInstance" id="EffectInstance_46jp7"]
effect = 1
params = Array[JigsawParameter]([SubResource("JigsawParameterStat_nrvup"), SubResource("JigsawParameterAmount_4ckar")])

[sub_resource type="JigsawParameterAmount" id="JigsawParameterAmount_2qe55"]
amount = 1

[sub_resource type="CardFilterCard" id="CardFilterCard_p232r"]
card = 75

[sub_resource type="JigsawParameterCardFilter" id="JigsawParameterCardFilter_tebsv"]
filter = SubResource("CardFilterCard_p232r")

[sub_resource type="JigsawParameterStat" id="JigsawParameterStat_ydt76"]
stat = 0

[sub_resource type="JigsawParameterAmount" id="JigsawParameterAmount_ifess"]
amount = 2

[sub_resource type="EffectInstance" id="EffectInstance_i3jgt"]
effect = 1
params = Array[JigsawParameter]([SubResource("JigsawParameterStat_ydt76"), SubResource("JigsawParameterAmount_ifess")])

[sub_resource type="JigsawParameterEffectInstance" id="JigsawParameterEffectInstance_h05ck"]
instance = SubResource("EffectInstance_i3jgt")

[sub_resource type="JigsawParameterBoolean" id="JigsawParameterBoolean_axpfo"]

[sub_resource type="JigsawParameterBoolean" id="JigsawParameterBoolean_6d0mj"]

[sub_resource type="JigsawParameterBoolean" id="JigsawParameterBoolean_ob7f8"]

[sub_resource type="JigsawParameterBoolean" id="JigsawParameterBoolean_oucen"]

[sub_resource type="JigsawParameterLocation" id="JigsawParameterLocation_38g4u"]
location = 0

[sub_resource type="EffectInstance" id="EffectInstance_yh3tf"]
effect = 128
priority = 35
params = Array[JigsawParameter]([SubResource("JigsawParameterAmount_2qe55"), SubResource("JigsawParameterCardFilter_tebsv"), SubResource("JigsawParameterEffectInstance_h05ck"), SubResource("JigsawParameterBoolean_axpfo"), SubResource("JigsawParameterBoolean_6d0mj"), SubResource("JigsawParameterBoolean_ob7f8"), SubResource("JigsawParameterBoolean_oucen"), SubResource("JigsawParameterLocation_38g4u")])

[resource]
id = 74
rank = 2
costs = Array[StatValue]([SubResource("StatValue_s05mt")])
name = "Cross"
portrait = 63
tribes = PackedInt32Array(5)
effects = Array[EffectInstance]([SubResource("EffectInstance_46jp7"), SubResource("EffectInstance_yh3tf")])
