[gd_resource type="CardDef" load_steps=20 format=3 uid="uid://u3da0xnl8xl4"]

[ext_resource type="JigsawParameterFileIDOpus" uid="uid://dlbtc2eujwjcc" path="res://predefined/sound/sound_null.tres" id="1_jlmma"]

[sub_resource type="StatValue" id="StatValue_jlmma"]
stat = 3
amount = 4

[sub_resource type="JigsawParameterStat" id="JigsawParameterStat_6p13c"]
stat = 0

[sub_resource type="JigsawParameterAmount" id="JigsawParameterAmount_eufk2"]
amount = 2

[sub_resource type="EffectInstance" id="EffectInstance_ok47c"]
effect = 1
params = Array[JigsawParameter]([SubResource("JigsawParameterStat_6p13c"), SubResource("JigsawParameterAmount_eufk2")])

[sub_resource type="JigsawParameterAmount" id="JigsawParameterAmount_d1q0r"]
amount = 1

[sub_resource type="JigsawParameterAmount" id="JigsawParameterAmount_5v7k0"]
amount = 1

[sub_resource type="JigsawParameterAmount" id="JigsawParameterAmount_4ly8j"]
amount = 1

[sub_resource type="JigsawParameterStat" id="JigsawParameterStat_c02ov"]
stat = 0

[sub_resource type="JigsawParameterAmount" id="JigsawParameterAmount_i8qhm"]
amount = 2

[sub_resource type="EffectInstance" id="EffectInstance_wh82i"]
effect = 1
params = Array[JigsawParameter]([SubResource("JigsawParameterStat_c02ov"), SubResource("JigsawParameterAmount_i8qhm")])

[sub_resource type="JigsawParameterEffectInstance" id="JigsawParameterEffectInstance_h4ff5"]
instance = SubResource("EffectInstance_wh82i")

[sub_resource type="JigsawParameterStat" id="JigsawParameterStat_k27ok"]
stat = 1

[sub_resource type="JigsawParameterAmount" id="JigsawParameterAmount_n6fxg"]
amount = 2

[sub_resource type="EffectInstance" id="EffectInstance_5fkof"]
effect = 1
params = Array[JigsawParameter]([SubResource("JigsawParameterStat_k27ok"), SubResource("JigsawParameterAmount_n6fxg")])

[sub_resource type="JigsawParameterEffectInstance" id="JigsawParameterEffectInstance_nuclw"]
instance = SubResource("EffectInstance_5fkof")

[sub_resource type="JigsawParameterIcon" id="JigsawParameterIcon_q6xwe"]
icon = 256

[sub_resource type="JigsawParameterIcon" id="JigsawParameterIcon_sl2nv"]
icon = 257

[sub_resource type="EffectInstance" id="EffectInstance_vahqv"]
effect = 132
priority = 30
params = Array[JigsawParameter]([SubResource("JigsawParameterAmount_d1q0r"), SubResource("JigsawParameterAmount_5v7k0"), SubResource("JigsawParameterAmount_4ly8j"), SubResource("JigsawParameterEffectInstance_h4ff5"), SubResource("JigsawParameterEffectInstance_nuclw"), SubResource("JigsawParameterIcon_q6xwe"), SubResource("JigsawParameterIcon_sl2nv"), ExtResource("1_jlmma"), ExtResource("1_jlmma")])

[resource]
id = 88
rank = 2
costs = Array[StatValue]([SubResource("StatValue_jlmma")])
name = "Dead Lander β"
portrait = 161
tribes = PackedInt32Array(11)
effects = Array[EffectInstance]([SubResource("EffectInstance_ok47c"), SubResource("EffectInstance_vahqv")])
