[gd_resource type="CardDef" load_steps=11 format=3 uid="uid://jmd40ygl7al7"]

[sub_resource type="StatValue" id="StatValue_qhttf"]
stat = 3
amount = 6

[sub_resource type="JigsawParameterStat" id="JigsawParameterStat_jqb1p"]
stat = 0

[sub_resource type="JigsawParameterAmount" id="JigsawParameterAmount_v228d"]
amount = 3

[sub_resource type="EffectInstance" id="EffectInstance_k6afl"]
effect = 1
params = Array[JigsawParameter]([SubResource("JigsawParameterStat_jqb1p"), SubResource("JigsawParameterAmount_v228d")])

[sub_resource type="JigsawParameterStat" id="JigsawParameterStat_4k5tl"]
stat = 0

[sub_resource type="JigsawParameterAmount" id="JigsawParameterAmount_jvg6n"]
amount = 2

[sub_resource type="CardFilterCard" id="CardFilterCard_cnf38"]
card = 17

[sub_resource type="JigsawParameterCardFilter" id="JigsawParameterCardFilter_v318m"]
filter = SubResource("CardFilterCard_cnf38")

[sub_resource type="JigsawParameterBoolean" id="JigsawParameterBoolean_5iyjb"]

[sub_resource type="EffectInstance" id="EffectInstance_n2xqx"]
effect = 2
priority = 80
params = Array[JigsawParameter]([SubResource("JigsawParameterStat_4k5tl"), SubResource("JigsawParameterAmount_jvg6n"), SubResource("JigsawParameterCardFilter_v318m"), SubResource("JigsawParameterBoolean_5iyjb")])

[resource]
id = 76
rank = 2
costs = Array[StatValue]([SubResource("StatValue_qhttf")])
name = "Primal Weevil"
portrait = 62
tribes = PackedInt32Array(5)
effects = Array[EffectInstance]([SubResource("EffectInstance_k6afl"), SubResource("EffectInstance_n2xqx")])
