[gd_resource type="CardDef" load_steps=22 format=3 uid="uid://der2nuyrs6uro"]

[sub_resource type="StatValue" id="StatValue_uag28"]
stat = 3
amount = 6

[sub_resource type="JigsawParameterStat" id="JigsawParameterStat_g70n6"]
stat = 0

[sub_resource type="JigsawParameterAmount" id="JigsawParameterAmount_7rb4g"]
amount = 4

[sub_resource type="EffectInstance" id="EffectInstance_r6jnt"]
effect = 1
params = Array[JigsawParameter]([SubResource("JigsawParameterStat_g70n6"), SubResource("JigsawParameterAmount_7rb4g")])

[sub_resource type="JigsawParameterStat" id="JigsawParameterStat_qbqkl"]
stat = 1

[sub_resource type="JigsawParameterAmount" id="JigsawParameterAmount_2x1ds"]
amount = -3

[sub_resource type="JigsawParameterBoolean" id="JigsawParameterBoolean_c25rb"]
boolean = true

[sub_resource type="EffectInstance" id="EffectInstance_wujsd"]
effect = 7
priority = 95
params = Array[JigsawParameter]([SubResource("JigsawParameterStat_qbqkl"), SubResource("JigsawParameterAmount_2x1ds"), SubResource("JigsawParameterBoolean_c25rb")])

[sub_resource type="JigsawParameterAmount" id="JigsawParameterAmount_uvecm"]
amount = 1

[sub_resource type="CardFilterCard" id="CardFilterCard_obfn8"]
card = 112

[sub_resource type="JigsawParameterCardFilter" id="JigsawParameterCardFilter_8x4r6"]
filter = SubResource("CardFilterCard_obfn8")

[sub_resource type="JigsawParameterStat" id="JigsawParameterStat_scaca"]
stat = 0

[sub_resource type="JigsawParameterAmount" id="JigsawParameterAmount_utr7e"]
amount = 1

[sub_resource type="EffectInstance" id="EffectInstance_ok2tv"]
effect = 1
params = Array[JigsawParameter]([SubResource("JigsawParameterStat_scaca"), SubResource("JigsawParameterAmount_utr7e")])

[sub_resource type="JigsawParameterEffectInstance" id="JigsawParameterEffectInstance_24518"]
instance = SubResource("EffectInstance_ok2tv")

[sub_resource type="JigsawParameterBoolean" id="JigsawParameterBoolean_ol5ba"]

[sub_resource type="JigsawParameterBoolean" id="JigsawParameterBoolean_35q3w"]

[sub_resource type="JigsawParameterBoolean" id="JigsawParameterBoolean_t1csk"]

[sub_resource type="JigsawParameterBoolean" id="JigsawParameterBoolean_p6y08"]

[sub_resource type="JigsawParameterLocation" id="JigsawParameterLocation_2yrry"]
location = 0

[sub_resource type="EffectInstance" id="EffectInstance_tsqrg"]
effect = 128
priority = 35
params = Array[JigsawParameter]([SubResource("JigsawParameterAmount_uvecm"), SubResource("JigsawParameterCardFilter_8x4r6"), SubResource("JigsawParameterEffectInstance_24518"), SubResource("JigsawParameterBoolean_ol5ba"), SubResource("JigsawParameterBoolean_35q3w"), SubResource("JigsawParameterBoolean_t1csk"), SubResource("JigsawParameterBoolean_p6y08"), SubResource("JigsawParameterLocation_2yrry")])

[resource]
id = 111
rank = 2
costs = Array[StatValue]([SubResource("StatValue_uag28")])
name = "Stratos"
portrait = 231
tribes = PackedInt32Array(5)
effects = Array[EffectInstance]([SubResource("EffectInstance_r6jnt"), SubResource("EffectInstance_wujsd"), SubResource("EffectInstance_tsqrg")])
