[gd_resource type="CardDef" load_steps=22 format=3 uid="uid://c35h71b6sdo5l"]

[sub_resource type="StatValue" id="StatValue_v7a5q"]
stat = 3
amount = 3

[sub_resource type="JigsawParameterStat" id="JigsawParameterStat_hm6vr"]
stat = 0

[sub_resource type="JigsawParameterAmount" id="JigsawParameterAmount_xsy3k"]
amount = 1

[sub_resource type="EffectInstance" id="EffectInstance_a6b26"]
effect = 1
params = Array[JigsawParameter]([SubResource("JigsawParameterStat_hm6vr"), SubResource("JigsawParameterAmount_xsy3k")])

[sub_resource type="JigsawParameterAmount" id="JigsawParameterAmount_kuheu"]
amount = 1

[sub_resource type="JigsawParameterAmount" id="JigsawParameterAmount_1o2yr"]
amount = 1

[sub_resource type="JigsawParameterAmount" id="JigsawParameterAmount_y6pgf"]
amount = 1

[sub_resource type="JigsawParameterAmount" id="JigsawParameterAmount_7n4c8"]
amount = 1

[sub_resource type="CardFilterCard" id="CardFilterCard_rb22e"]
card = 20

[sub_resource type="JigsawParameterCardFilter" id="JigsawParameterCardFilter_mk0om"]
filter = SubResource("CardFilterCard_rb22e")

[sub_resource type="JigsawParameterBoolean" id="JigsawParameterBoolean_2fdcw"]

[sub_resource type="JigsawParameterBoolean" id="JigsawParameterBoolean_vks8c"]

[sub_resource type="JigsawParameterBoolean" id="JigsawParameterBoolean_v2lud"]

[sub_resource type="EffectInstance" id="EffectInstance_ea5hd"]
effect = 3
priority = 25
params = Array[JigsawParameter]([SubResource("JigsawParameterAmount_7n4c8"), SubResource("JigsawParameterCardFilter_mk0om"), SubResource("JigsawParameterBoolean_2fdcw"), SubResource("JigsawParameterBoolean_vks8c"), SubResource("JigsawParameterBoolean_v2lud")])

[sub_resource type="JigsawParameterEffectInstance" id="JigsawParameterEffectInstance_kny7a"]
instance = SubResource("EffectInstance_ea5hd")

[sub_resource type="JigsawParameterEffectInstance" id="JigsawParameterEffectInstance_eqk0b"]

[sub_resource type="JigsawParameterIcon" id="JigsawParameterIcon_ytrmy"]
icon = 298

[sub_resource type="JigsawParameterIcon" id="JigsawParameterIcon_a73hd"]
icon = 299

[sub_resource type="JigsawParameterFileIDOpus" id="JigsawParameterFileIDOpus_b5m1g"]
file_id = PackedByteArray(9, 226, 5, 205, 124, 207, 158, 21, 222, 165, 1, 1)

[sub_resource type="JigsawParameterFileIDOpus" id="JigsawParameterFileIDOpus_2akfi"]
file_id = PackedByteArray(82, 64, 43, 140, 91, 143, 88, 136, 221, 165, 1, 1)

[sub_resource type="EffectInstance" id="EffectInstance_2lrm6"]
effect = 132
priority = 30
params = Array[JigsawParameter]([SubResource("JigsawParameterAmount_kuheu"), SubResource("JigsawParameterAmount_1o2yr"), SubResource("JigsawParameterAmount_y6pgf"), SubResource("JigsawParameterEffectInstance_kny7a"), SubResource("JigsawParameterEffectInstance_eqk0b"), SubResource("JigsawParameterIcon_ytrmy"), SubResource("JigsawParameterIcon_a73hd"), SubResource("JigsawParameterFileIDOpus_b5m1g"), SubResource("JigsawParameterFileIDOpus_2akfi")])

[resource]
id = 73
rank = 1
costs = Array[StatValue]([SubResource("StatValue_v7a5q")])
name = "Wild Chomper"
portrait = 58
tribes = PackedInt32Array(4, 0, 9)
effects = Array[EffectInstance]([SubResource("EffectInstance_a6b26"), SubResource("EffectInstance_2lrm6")])
