[gd_scene load_steps=4 format=3 uid="uid://dxowp2m0r7dte"]

[ext_resource type="Texture2D" uid="uid://16iqrn8nerrx" path="res://custom_textures/cardbattle-hires.jpg" id="1_5mso6"]
[ext_resource type="Script" uid="uid://ceg4lsbhqsx8h" path="res://interactive_menus/preferences.gd" id="1_l8glk"]
[ext_resource type="PackedScene" uid="uid://urbgndgg0qdi" path="res://interactive_menus/cache_info.tscn" id="3_nd1sn"]

[node name="Preferences" type="Control"]
layout_mode = 3
anchors_preset = 15
anchor_right = 1.0
anchor_bottom = 1.0
grow_horizontal = 2
grow_vertical = 2
script = ExtResource("1_l8glk")

[node name="Background" type="TextureRect" parent="."]
layout_mode = 1
anchors_preset = 15
anchor_right = 1.0
anchor_bottom = 1.0
grow_horizontal = 2
grow_vertical = 2
texture = ExtResource("1_5mso6")
expand_mode = 1

[node name="MarginContainer" type="MarginContainer" parent="."]
layout_mode = 1
anchors_preset = 15
anchor_right = 1.0
anchor_bottom = 1.0
grow_horizontal = 2
grow_vertical = 2

[node name="VBoxContainer" type="VBoxContainer" parent="MarginContainer"]
layout_mode = 2

[node name="ScrollContainer" type="ScrollContainer" parent="MarginContainer/VBoxContainer"]
layout_mode = 2
size_flags_vertical = 3
follow_focus = true
horizontal_scroll_mode = 0
vertical_scroll_mode = 4

[node name="HBoxContainer" type="HBoxContainer" parent="MarginContainer/VBoxContainer/ScrollContainer"]
layout_mode = 2
size_flags_horizontal = 3
size_flags_vertical = 3

[node name="VBoxContainer" type="VBoxContainer" parent="MarginContainer/VBoxContainer/ScrollContainer/HBoxContainer"]
layout_mode = 2
size_flags_horizontal = 3
size_flags_vertical = 3

[node name="MarginContainer" type="MarginContainer" parent="MarginContainer/VBoxContainer/ScrollContainer/HBoxContainer"]
layout_mode = 2
theme_type_variation = &"SmallMarginContainer"

[node name="VBoxContainer2" type="VBoxContainer" parent="MarginContainer/VBoxContainer/ScrollContainer/HBoxContainer"]
layout_mode = 2
size_flags_horizontal = 3
size_flags_vertical = 3

[node name="PanelContainer" type="PanelContainer" parent="MarginContainer/VBoxContainer/ScrollContainer/HBoxContainer/VBoxContainer2"]
layout_mode = 2

[node name="MarginContainer" type="MarginContainer" parent="MarginContainer/VBoxContainer/ScrollContainer/HBoxContainer/VBoxContainer2/PanelContainer"]
layout_mode = 2

[node name="CacheInfo" parent="MarginContainer/VBoxContainer/ScrollContainer/HBoxContainer/VBoxContainer2/PanelContainer/MarginContainer" instance=ExtResource("3_nd1sn")]
layout_mode = 2

[node name="MainMenuButton" type="Button" parent="MarginContainer/VBoxContainer"]
layout_mode = 2
size_flags_horizontal = 4
text = "Main Menu"

[connection signal="pressed" from="MarginContainer/VBoxContainer/MainMenuButton" to="." method="_on_main_menu_button_pressed"]
