[gd_scene load_steps=11 format=3 uid="uid://bbh6op3yxwxkq"]

[ext_resource type="Script" uid="uid://b2e360hbrygjw" path="res://interactive_menus/recording_player.gd" id="1_m661j"]
[ext_resource type="Script" uid="uid://dkhp5ko13hsfx" path="res://api/simple_http_request.gd" id="2_j0oh4"]
[ext_resource type="FontFile" uid="uid://bqla1nvkpryx8" path="res://fonts/D3Streetism.ttf" id="3_l6beo"]
[ext_resource type="Script" uid="uid://fvjywudbpn8a" path="res://card/card_3d.gd" id="4_bfa8e"]
[ext_resource type="Shader" uid="uid://jh0bilfvb4bl" path="res://card/card_3d.gdshader" id="4_vudes"]

[sub_resource type="LabelSettings" id="LabelSettings_lrdbq"]
font = ExtResource("3_l6beo")
font_size = 24
outline_size = 5
outline_color = Color(0, 0, 0, 1)

[sub_resource type="ShaderMaterial" id="ShaderMaterial_oecp5"]
render_priority = 0
shader = ExtResource("4_vudes")
shader_parameter/card_decoration_pos = null
shader_parameter/portrait_pos = null
shader_parameter/card_rank_color = null
shader_parameter/fancy_smooth_corners = null
shader_parameter/back_only = null

[sub_resource type="QuadMesh" id="QuadMesh_b5js3"]
material = SubResource("ShaderMaterial_oecp5")

[sub_resource type="ShaderMaterial" id="ShaderMaterial_reoxs"]
render_priority = 0
shader = ExtResource("4_vudes")
shader_parameter/card_decoration_pos = null
shader_parameter/portrait_pos = null
shader_parameter/card_rank_color = null
shader_parameter/fancy_smooth_corners = null
shader_parameter/back_only = null

[sub_resource type="QuadMesh" id="QuadMesh_oxjvj"]
material = SubResource("ShaderMaterial_reoxs")

[node name="RecordingPlayer" type="Control"]
layout_mode = 3
anchors_preset = 15
anchor_right = 1.0
anchor_bottom = 1.0
grow_horizontal = 2
grow_vertical = 2
script = ExtResource("1_m661j")

[node name="SimpleHTTPRequest" type="HTTPRequest" parent="."]
unique_name_in_owner = true
script = ExtResource("2_j0oh4")

[node name="MatchIDLabel" type="Label" parent="."]
unique_name_in_owner = true
layout_mode = 1
anchors_preset = 1
anchor_left = 1.0
anchor_right = 1.0
offset_left = -40.0
offset_bottom = 19.0
grow_horizontal = 0
label_settings = SubResource("LabelSettings_lrdbq")
horizontal_alignment = 2

[node name="CardP1" type="MeshInstance3D" parent="."]
unique_name_in_owner = true
transform = Transform3D(1, 0, 0, 0, 1, 0, 0, 0, 1, 4, -3, 0)
gi_mode = 2
mesh = SubResource("QuadMesh_b5js3")
script = ExtResource("4_bfa8e")

[node name="CardP2" type="MeshInstance3D" parent="."]
unique_name_in_owner = true
transform = Transform3D(1, 0, 0, 0, 1, 0, 0, 0, 1, 8.8, -3, 0)
gi_mode = 2
mesh = SubResource("QuadMesh_oxjvj")
script = ExtResource("4_bfa8e")

[node name="OutstandingTasks" type="Label" parent="."]
unique_name_in_owner = true
layout_mode = 1
anchors_preset = 2
anchor_top = 1.0
anchor_bottom = 1.0
offset_top = -25.0
offset_right = 40.0
grow_vertical = 0
label_settings = SubResource("LabelSettings_lrdbq")
