[gd_resource type="Theme" load_steps=11 format=3 uid="uid://cbyo26b5mhffi"]

[ext_resource type="FontVariation" uid="uid://gr4q4w0ww0xa" path="res://fonts/d3_streetism_bold.tres" id="1_732wr"]
[ext_resource type="FontVariation" uid="uid://b1spute64sdag" path="res://fonts/d3_streetism_bold_italic.tres" id="2_ktuye"]
[ext_resource type="FontVariation" uid="uid://ddyrln6ulsh57" path="res://fonts/d3_streetism_italic.tres" id="3_c80jc"]
[ext_resource type="FontFile" uid="uid://dqtm2p1y1lsf5" path="res://fonts/RobotoMono-Regular.ttf" id="4_lascm"]
[ext_resource type="FontFile" uid="uid://bqla1nvkpryx8" path="res://fonts/D3Streetism.ttf" id="5_eaftg"]
[ext_resource type="FontVariation" uid="uid://cmb3ct7623wue" path="res://fonts/bubblegum_sans_ws_bold.tres" id="6_jc2jw"]
[ext_resource type="FontVariation" uid="uid://bfui16fgsnk0i" path="res://fonts/bubblegum_sans_ws_bold_italic.tres" id="7_ssu7q"]
[ext_resource type="FontVariation" uid="uid://dgml72kehkeuy" path="res://fonts/bubblegum_sans_ws_italic.tres" id="8_nd6tu"]
[ext_resource type="FontVariation" uid="uid://dhhuwjhc1m3xr" path="res://fonts/bubblegum_sans_wide_spaces.tres" id="9_a31db"]
[ext_resource type="Texture2D" uid="uid://cpcvn6slyxbcx" path="res://custom_textures/close.svg" id="10_hegvb"]

[resource]
default_font = ExtResource("9_a31db")
BasicHeadingLabel/font_sizes/font_size = 24
BasicHeadingLabel/fonts/font = ExtResource("5_eaftg")
CardCostLabel/colors/default_color = Color(1, 1, 1, 1)
CardCostLabel/colors/font_outline_color = Color(0, 0, 0, 1)
CardCostLabel/constants/line_separation = 1
CardCostLabel/constants/outline_size = 5
CardCostLabel/font_sizes/bold_font_size = 20
CardCostLabel/font_sizes/bold_italics_font_size = 20
CardCostLabel/font_sizes/italics_font_size = 20
CardCostLabel/font_sizes/mono_font_size = 20
CardCostLabel/font_sizes/normal_font_size = 20
CardCostLabel/fonts/bold_font = ExtResource("1_732wr")
CardCostLabel/fonts/bold_italics_font = ExtResource("2_ktuye")
CardCostLabel/fonts/italics_font = ExtResource("3_c80jc")
CardCostLabel/fonts/mono_font = ExtResource("4_lascm")
CardCostLabel/fonts/normal_font = ExtResource("5_eaftg")
CardDescriptionLabel/colors/default_color = Color(0, 0, 0, 1)
CardDescriptionLabel/constants/line_separation = -4
CardDescriptionLabel/constants/outline_size = 0
CardDescriptionLabel/font_sizes/bold_font_size = 16
CardDescriptionLabel/font_sizes/bold_italics_font_size = 16
CardDescriptionLabel/font_sizes/italics_font_size = 16
CardDescriptionLabel/font_sizes/mono_font_size = 16
CardDescriptionLabel/font_sizes/normal_font_size = 16
CardDescriptionLabel/fonts/bold_font = ExtResource("6_jc2jw")
CardDescriptionLabel/fonts/bold_italics_font = ExtResource("7_ssu7q")
CardDescriptionLabel/fonts/italics_font = ExtResource("8_nd6tu")
CardDescriptionLabel/fonts/mono_font = ExtResource("4_lascm")
CardDescriptionLabel/fonts/normal_font = ExtResource("9_a31db")
CardNameLabel/colors/default_color = Color(0, 0, 0, 1)
CardNameLabel/colors/font_outline_color = Color(1, 1, 1, 1)
CardNameLabel/constants/outline_size = 5
CardNameLabel/font_sizes/bold_font_size = 24
CardNameLabel/font_sizes/bold_italics_font_size = 24
CardNameLabel/font_sizes/italics_font_size = 24
CardNameLabel/font_sizes/mono_font_size = 24
CardNameLabel/font_sizes/normal_font_size = 24
CardNameLabel/fonts/bold_font = ExtResource("6_jc2jw")
CardNameLabel/fonts/bold_italics_font = ExtResource("7_ssu7q")
CardNameLabel/fonts/italics_font = ExtResource("8_nd6tu")
CardNameLabel/fonts/mono_font = ExtResource("4_lascm")
CardNameLabel/fonts/normal_font = ExtResource("9_a31db")
CardSimpleDescriptionLabel/colors/default_color = Color(1, 1, 1, 1)
CardSimpleDescriptionLabel/font_sizes/bold_font_size = 50
CardSimpleDescriptionLabel/font_sizes/bold_italics_font_size = 50
CardSimpleDescriptionLabel/font_sizes/italics_font_size = 50
CardSimpleDescriptionLabel/font_sizes/mono_font_size = 50
CardSimpleDescriptionLabel/font_sizes/normal_font_size = 50
CardSimpleDescriptionLabel/fonts/bold_font = ExtResource("1_732wr")
CardSimpleDescriptionLabel/fonts/bold_italics_font = ExtResource("2_ktuye")
CardSimpleDescriptionLabel/fonts/italics_font = ExtResource("3_c80jc")
CardSimpleDescriptionLabel/fonts/mono_font = ExtResource("4_lascm")
CardSimpleDescriptionLabel/fonts/normal_font = ExtResource("5_eaftg")
CardTribeLabel/colors/default_color = Color(1, 1, 1, 1)
CardTribeLabel/colors/font_outline_color = Color(0, 0, 0, 1)
CardTribeLabel/constants/line_separation = 0
CardTribeLabel/constants/outline_size = 5
CardTribeLabel/font_sizes/bold_font_size = 14
CardTribeLabel/font_sizes/bold_italics_font_size = 14
CardTribeLabel/font_sizes/italics_font_size = 14
CardTribeLabel/font_sizes/mono_font_size = 14
CardTribeLabel/font_sizes/normal_font_size = 14
CardTribeLabel/fonts/bold_font = ExtResource("1_732wr")
CardTribeLabel/fonts/bold_italics_font = ExtResource("2_ktuye")
CardTribeLabel/fonts/italics_font = ExtResource("3_c80jc")
CardTribeLabel/fonts/mono_font = ExtResource("4_lascm")
CardTribeLabel/fonts/normal_font = ExtResource("5_eaftg")
IconSelectionButton/constants/icon_max_width = 64
MarginContainer/constants/margin_bottom = 15
MarginContainer/constants/margin_left = 15
MarginContainer/constants/margin_right = 15
MarginContainer/constants/margin_top = 15
SideMarginContainer/constants/margin_bottom = 0
SideMarginContainer/constants/margin_left = 15
SideMarginContainer/constants/margin_right = 15
SideMarginContainer/constants/margin_top = 0
SmallMarginContainer/constants/margin_bottom = 5
SmallMarginContainer/constants/margin_left = 5
SmallMarginContainer/constants/margin_right = 5
SmallMarginContainer/constants/margin_top = 5
SquishLabel/fonts/bold_font = ExtResource("6_jc2jw")
SquishLabel/fonts/bold_italics_font = ExtResource("7_ssu7q")
SquishLabel/fonts/italics_font = ExtResource("8_nd6tu")
SquishLabel/fonts/mono_font = ExtResource("4_lascm")
SquishLabel/fonts/normal_font = ExtResource("9_a31db")
TabContainer/icons/close_tab = ExtResource("10_hegvb")
